<record><leader>00000cas a2200000 a 4500</leader><controlfield tag="001">13556953</controlfield><controlfield tag="008">860512d18901898sdudn ne      0    0eng  </controlfield><datafield ind1=" " ind2=" " tag="010"><subfield code="a">sn 86071492 </subfield></datafield><datafield ind1=" " ind2=" " tag="040"><subfield code="a">DLC</subfield><subfield code="b">eng</subfield><subfield code="c">DLC</subfield><subfield code="d">SXN</subfield><subfield code="d">DLC</subfield><subfield code="d">OCLCQ</subfield><subfield code="d">OCLCO</subfield><subfield code="d">OCLCA</subfield><subfield code="d">OCLCF</subfield><subfield code="d">AQM</subfield><subfield code="d">CUS</subfield></datafield><datafield ind1=" " ind2=" " tag="019"><subfield code="a">192110514</subfield></datafield><datafield ind1=" " ind2=" " tag="042"><subfield code="a">msc</subfield></datafield><datafield ind1=" " ind2=" " tag="043"><subfield code="a">n-us-sd</subfield></datafield><datafield ind1="0" ind2="0" tag="050"><subfield code="a">Newspaper</subfield></datafield><datafield ind1="0" ind2="0" tag="245"><subfield code="a">Pierre daily capital.</subfield></datafield><datafield ind1="3" ind2="0" tag="246"><subfield code="a">Pierre capital</subfield></datafield><datafield ind1="1" ind2=" " tag="246"><subfield code="i">Issue for Sept. 15, 1889 has title:</subfield><subfield code="a">Pierre Sunday capital</subfield></datafield><datafield ind1="1" ind2=" " tag="246"><subfield code="i">Issues for Mar. 30-Apr. 4, 1894 have title:</subfield><subfield code="a">Pierre capital daily</subfield></datafield><datafield ind1=" " ind2=" " tag="260"><subfield code="a">Pierre, S.D. :</subfield><subfield code="b">Daily Capital Co.,</subfield><subfield code="c">1890-1898.</subfield></datafield><datafield ind1=" " ind2=" " tag="300"><subfield code="a">volumes ;</subfield><subfield code="c">49-55 cm.</subfield></datafield><datafield ind1=" " ind2=" " tag="310"><subfield code="a">Daily (except Sunday),</subfield><subfield code="b">June 15, 1891-&lt;May 31, 1898&gt;</subfield></datafield><datafield ind1=" " ind2=" " tag="321"><subfield code="a">Daily (except Monday),</subfield><subfield code="b">Dec. 9, 1890-June 14, 1891</subfield></datafield><datafield ind1=" " ind2=" " tag="336"><subfield code="a">text</subfield><subfield code="b">txt</subfield><subfield code="2">rdacontent</subfield></datafield><datafield ind1=" " ind2=" " tag="337"><subfield code="a">unmediated</subfield><subfield code="b">n</subfield><subfield code="2">rdamedia</subfield></datafield><datafield ind1=" " ind2=" " tag="338"><subfield code="a">volume</subfield><subfield code="b">nc</subfield><subfield code="2">rdacarrier</subfield></datafield><datafield ind1="0" ind2=" " tag="362"><subfield code="a">2nd year (Dec. 9, 1890)-</subfield></datafield><datafield ind1="1" ind2=" " tag="362"><subfield code="a">Ceased 1898.</subfield></datafield><datafield ind1=" " ind2=" " tag="530"><subfield code="a">Available on microfilm from: State Archives, South Dakota State Historical Society.</subfield></datafield><datafield ind1=" " ind2=" " tag="580"><subfield code="a">Formed by the union of: Daily capital (Pierre, S.D.), and Fort Pierre daily capital.</subfield></datafield><datafield ind1=" " ind2=" " tag="580"><subfield code="a">Merged with: Pierre journal, to form: Capital-journal (Pierre, S.D. : 1898).</subfield></datafield><datafield ind1=" " ind2="0" tag="651"><subfield code="a">Dakota Territory</subfield><subfield code="x">History</subfield><subfield code="v">Newspapers.</subfield></datafield><datafield ind1=" " ind2="0" tag="651"><subfield code="a">Pierre (S.D.)</subfield><subfield code="v">Newspapers.</subfield></datafield><datafield ind1=" " ind2="0" tag="651"><subfield code="a">Hughes County (S.D.)</subfield><subfield code="v">Newspapers.</subfield></datafield><datafield ind1=" " ind2="7" tag="651"><subfield code="a">South Dakota</subfield><subfield code="z">Hughes County.</subfield><subfield code="2">fast</subfield><subfield code="0">(OCoLC)fst01207647</subfield></datafield><datafield ind1=" " ind2="7" tag="651"><subfield code="a">South Dakota</subfield><subfield code="z">Pierre.</subfield><subfield code="2">fast</subfield><subfield code="0">(OCoLC)fst01209256</subfield></datafield><datafield ind1=" " ind2="7" tag="651"><subfield code="a">United States</subfield><subfield code="z">Dakota Territory.</subfield><subfield code="2">fast</subfield><subfield code="0">(OCoLC)fst01228148</subfield></datafield><datafield ind1=" " ind2="7" tag="655"><subfield code="a">History.</subfield><subfield code="2">fast</subfield><subfield code="0">(OCoLC)fst01411628</subfield></datafield><datafield ind1=" " ind2="7" tag="655"><subfield code="a">Newspapers.</subfield><subfield code="2">fast</subfield><subfield code="0">(OCoLC)fst01423814</subfield></datafield><datafield ind1=" " ind2="7" tag="655"><subfield code="a">Newspapers.</subfield><subfield code="2">rbgenr</subfield></datafield><datafield ind1=" " ind2=" " tag="752"><subfield code="a">United States</subfield><subfield code="b">South Dakota</subfield><subfield code="c">Hughes</subfield><subfield code="d">Pierre.</subfield></datafield><datafield ind1="0" ind2=" " tag="775"><subfield code="t">Weekly capital</subfield></datafield><datafield ind1="1" ind2="4" tag="780"><subfield code="t">Daily Capital (Pierre, S.D.)</subfield><subfield code="w">(DLC)   86071491</subfield><subfield code="w">(OCoLC)13556791</subfield></datafield><datafield ind1="1" ind2="4" tag="780"><subfield code="t">Fort Pierre daily capital</subfield><subfield code="w">(DLC)sn 00059026</subfield><subfield code="w">(OCoLC)45447820</subfield></datafield><datafield ind1="1" ind2="7" tag="785"><subfield code="t">Pierre journal</subfield><subfield code="w">(DLC)sn 98062885</subfield><subfield code="w">(OCoLC)40701425</subfield></datafield><datafield ind1="1" ind2="7" tag="785"><subfield code="t">Capital-journal (Pierre, S.D. : 1898)</subfield><subfield code="w">(DLC)sn 98062882</subfield><subfield code="w">(OCoLC)40703445</subfield></datafield><datafield ind1="1" ind2=" " tag="029"><subfield code="a">AU@</subfield><subfield code="b">000026226023</subfield></datafield></record>